@INPROCEEDINGS{9943029,
  author={\underline{\textbf{T. V. Tai}} and Xuan Uyen, Nguyen Thi and Khoa, Dang Le},
  booktitle={2022 International Conference on Advanced Technologies for Communications (ATC)}, 
  title={\textbf{Optimal User Clustering and Power Allocation in NOMA Systems}}, 
  year={2022-10},
  volume={},
  number={},
  pages={350-355},
  doi={}}

@INPROCEEDINGS{atc1,
  author={\underline{\textbf{T. V. Tai}} and Tan, Ma Pham Nhut and Tri, Nguyen Minh and Ha, Nguyen Viet and Nguyen, Tran Thi Thao},
  booktitle={2023 International Conference on Advanced Technologies for Communications (ATC)}, 
  title={\textbf{Signal Quality Indices Based on Gain of Amplitude Difference for Wearable ECG Signals}}, 
  note = {},
  year={2023-10},
  volume={},
  number={},
  pages={19-24},
  doi={}}

@INPROCEEDINGS{atc2,
  author={Tien, Duong Hoang and Tan, Ma Pham Nhut and Nam, Tran Hoang and \underline{\textbf{T. V. Tai}} and Nguyen, Tran Thi Thao},
  booktitle={2023 International Conference on Advanced Technologies for Communications (ATC)}, 
  title={\textbf{A Low-Complexity R-Peak Detection Based on Exponential Weight Mean-Variance for Wearable ECG Devices}}, 
  note = {},
  year={2023-10},
  volume={},
  number={},
  pages={415-420},
  doi={}}

@INPROCEEDINGS{10162064,
  author={\underline{\textbf{T. V. Tai}} and Tan, Ma Pham Nhut and Tri, Nguyen Minh and Ha, Nguyen Viet and Nguyen, Tran Thi Thao},
  booktitle={2023 5th International Conference on Bio-engineering for Smart Technologies (BioSMART)}, 
  title={\textbf{A High Sensitivity SQI with Peak-Amplitude Difference Variance for Wearable ECG Signals}}, 
  year={2023-07},
  volume={},
  number={},
  pages={1-4},
  doi={}}

@INPROCEEDINGS{Tan,
  author={Tan, Ma Pham Nhut and \underline{\textbf{T. V. Tai}} and Tri, Nguyen Minh and Ha, Nguyen Viet and Nguyen, Tran Thi Thao},
  booktitle={2023 6th International Conference on Electrical, Electronics and System Engineering (ICEESE)}, 
  title={\textbf{EEG-ECG Extraction for Wearable All-in-One Healthcare Device}},
  note = {},
  year={2023-08},
  volume={},
  number={},
  pages={61-65},
  doi={}
}

@INPROCEEDINGS{spa,
  author={\underline{\textbf{T. V. Tai}} and Tan, Ma Pham Nhut and Tien, Duong Hoang and Ngoc, Chu Thi Hong and Tri, Nguyen Minh and Ha, Nguyen Viet and Nguyen, Tran Thi Thao},
  booktitle={2023 Signal Processing: Algorithms, Architectures, Arrangements, and Applications (SPA)}, 
  title={\textbf{Signal Quality Indices based on Skewness of Peak-Peak Interval for Wearable ECG Devices}}, 
  year={2023-09},
  volume={},
  number={},
  pages={42-47},
  doi={}
}

@ARTICLE{IeeeA,
  author={\underline{\textbf{T. V. Tai}} and Tan, Ma Pham Nhut and Tien, Duong Hoang and Ha, Nguyen Viet and Pham, Cong-Kha and Hoang, Trong-Thuc and Nguyen, Tran Thi Thao},
  journal={IEEE Access}, 
  title={\textbf{A Novel ECG Signal Quality Index Method based on Skewness-MODWT Analysis}}, 
  year={2024},
  volume={11},
  note = {[under review]},  
  number={},
  pages={},
  doi={}
}


@INPROCEEDINGS{KST,
  author={\underline{\textbf{T. V. Tai}} and Tan, Ma Pham Nhut and Nam, Le Hoang and Ha, Nguyen Viet and Nguyen, Tran Thi Thao},
  booktitle={2024 16th International Conference on Knowledge and Smart Technology (KST)}, 
  title={\textbf{Convergence Evaluation of OFDMA-IDMA Combination based on IEEE 802.11ax}}, 
  year={2024-02},
  volume={},
  number={},
  pages={247-252},
  doi={}
}


