    @incollection{Payne2006,
      author = {Payne, Richard K},
      year = {2006},
      title = {Introduction},
      booktitle = {Tantric Buddhism in East Asia},
      editor = {Richard K. Payne},
      location = {Somerville, MA},
      publisher = {Wisdom Publications},
      pages = {1--31},
    }
