@report{Ericsson,
author = {Ericsson},
title = {{Ericsson Mobility Report November 2023}},
institution = {Ericsson},
howpublished={\url{https://www.ericsson.com/en/reports-and-papers/mobility-report/key-figures}},
month ={November},
year = {2023},
}

@ARTICLE{IEEEStd,
  author={},
  journal={IEEE Std 802.11ax-2021 (Amendment to IEEE Std 802.11-2020)}, 
  title={{IEEE Standard for Information Technology--Telecommunications and Information Exchange between Systems Local and Metropolitan Area Networks--Specific Requirements Part 11: Wireless LAN Medium Access Control (MAC) and Physical Layer (PHY) Specifications Amendment 1: Enhancements for High-Efficiency WLAN}}, 
  year={2021},
  volume={},
  number={},
  pages={1-767},
  doi={10.1109/IEEESTD.2021.9442429}}

@INPROCEEDINGS{MIMO_complex,
  author={Al-Hussaibi, Walid A. and Ali, Falah H.},
  booktitle={2019 IEEE 30th Annual International Symposium on Personal, Indoor and Mobile Radio Communications (PIMRC)}, 
  title={{Performance-Complexity Tradeoffs of MIMO-NOMA Receivers Towards Green Wireless Networks}}, 
  year={2019},
  volume={},
  number={},
  pages={1-6},
  doi={10.1109/PIMRC.2019.8904383}}

@ARTICLE{NOMA_WiFi,
  author={Khorov, Evgeny and Kureev, Aleksey and Levitsky, Ilya and Akyildiz, Ian F.},
  journal={IEEE Network}, 
  title={{Prototyping and Experimental Study of Non-Orthogonal Multiple Access in Wi-Fi Networks}}, 
  year={2020},
  volume={34},
  number={4},
  pages={210-217},
  doi={10.1109/MNET.011.1900498}}

@ARTICLE{PhaseNoise,
  author={Khorov, Evgeny and Kureev, Alexey and Levitsky, Ilya and Akyildiz, Ian F.},
  journal={IEEE Journal on Selected Areas in Communications}, 
  title={{A Phase Noise Resistant Constellation Rotation Method and Its Experimental Validation for NOMA Wi-Fi}}, 
  year={2022},
  volume={40},
  number={4},
  pages={1346-1354},
  doi={10.1109/JSAC.2022.3143236}}

@ARTICLE{IDMA,
  author={Li Ping},
  journal={IEEE Communications Magazine}, 
  title={{Interleave-division multiple access and chip-by-chip iterative multi-user detection}}, 
  year={2005},
  volume={43},
  number={6},
  pages={S19-S23},
  doi={10.1109/MCOM.2005.1452830}}

@INPROCEEDINGS{IDMA_Per,
  author={Matsumoto, Tomoko and Hatakawa, Yasuyuki and Konishi, Satoshi},
  booktitle={2011 7th International Wireless Communications and Mobile Computing Conference}, 
  title={{Performance analysis of interleave-division multiple access for uplink in multi-cell environment}}, 
  year={2011},
  volume={},
  number={},
  pages={376-381},
  doi={10.1109/IWCMC.2011.5982563}}

@misc{TGax,
	author={Liu, Jianhan and Porat,  Ron and Jindal, Nihar and \textit{et al}},
  journal={IEEE 802.11-14/0882r4}, 
  title={{IEEE 802.11axChannel Model Document}}, 
  year={2014},
  month={September},
}
@ARTICLE{IDMA_LiPing,
  author={Li Ping and Lihai Liu and Keying Wu and Leung, W.K.},
  journal={IEEE Transactions on Wireless Communications}, 
  title={{Interleave Division Multiple-Access}}, 
  year={2006},
  volume={5},
  number={4},
  pages={938-947},
  doi={10.1109/TWC.2006.1618943}}


@INPROCEEDINGS{SimpleDemap,
  author={Tosato, F. and Bisaglia, P.},
  booktitle={2002 IEEE International Conference on Communications. Conference Proceedings. ICC 2002 (Cat. No.02CH37333)}, 
  title={{Simplified soft-output demapper for binary interleaved COFDM with application to HIPERLAN/2}}, 
  year={2002},
  volume={2},
  number={},
  pages={664-668 vol.2},
  doi={10.1109/ICC.2002.996940}}

@article{UL-OFDM-IDMA,
author = {Lanante, Leonardo and Nguyen, Tran Thi Thao and Nagao, Yuhei and Ochi, Hiroshi},
year = {2020},
month = {09},
pages = {39-45},
  title = {{OFDM-IDMA Uplink Multi-user System with Scalable Latency for Next Generation WLAN}},
volume = {3},
journal = {EPI International Journal of Engineering},
doi = {10.25042/epi-ije.022020.06}
}

@INPROCEEDINGS{IDMAHighOder,
  author={Nguyen, Tran Thi Thao and Lanante, Leonardo and Nagao, Yuhei and Ochi, Hiroshi},
  booktitle={2015 IEEE Wireless Communications and Networking Conference Workshops (WCNCW)}, 
  title={{Low complexity higher order QAM modulation for IDMA system}}, 
  year={2015},
  volume={},
  number={},
  pages={113-118},
  doi={10.1109/WCNCW.2015.7122539}}